<record><leader>00000cas a22000007a 4500</leader><controlfield tag="001">12925073</controlfield><controlfield tag="008">851217d19161932iauwr ne      0    0eng d</controlfield><datafield ind1=" " ind2=" " tag="010"><subfield code="a">sn 85049884 </subfield></datafield><datafield ind1=" " ind2=" " tag="040"><subfield code="a">INP</subfield><subfield code="b">eng</subfield><subfield code="c">INP</subfield><subfield code="d">OCLCQ</subfield></datafield><datafield ind1=" " ind2=" " tag="042"><subfield code="a">msc</subfield></datafield><datafield ind1="0" ind2="0" tag="245"><subfield code="a">Sioux Valley tribune.</subfield></datafield><datafield ind1=" " ind2=" " tag="260"><subfield code="a">Smithland, Woodbury County, Iowa :</subfield><subfield code="b">H.D. Wright</subfield></datafield><datafield ind1=" " ind2=" " tag="300"><subfield code="a">v. :</subfield><subfield code="b">ill.</subfield></datafield><datafield ind1=" " ind2=" " tag="310"><subfield code="a">Weekly</subfield></datafield><datafield ind1="1" ind2=" " tag="362"><subfield code="a">Began in 1916.</subfield><subfield code="z">Cf. Bibl. of Iowa newspapers.</subfield></datafield><datafield ind1="1" ind2=" " tag="362"><subfield code="a">Ceased in Jan. 1932.</subfield><subfield code="z">Cf. Mapleton press (Mapleton, Iowa : 1925), Feb. 4, 1932.</subfield></datafield><datafield ind1=" " ind2=" " tag="500"><subfield code="a">Editor: H.D. Wright, &lt;Jan. 3, 1929-Dec. 31, 1931&gt;.</subfield></datafield><datafield ind1=" " ind2=" " tag="588"><subfield code="a">Description based on: Vol. 13, no. 1 (Jan. 3, 1929).</subfield></datafield><datafield ind1=" " ind2=" " tag="752"><subfield code="a">United States</subfield><subfield code="b">Iowa</subfield><subfield code="c">Woodbury</subfield><subfield code="d">Smithland.</subfield></datafield><datafield ind1="0" ind2="4" tag="785"><subfield code="t">Mapleton press (Mapleton, Iowa : 1925)</subfield><subfield code="w">(DLC)sn 85049877</subfield></datafield><datafield ind1="1" ind2=" " tag="029"><subfield code="a">AU@</subfield><subfield code="b">000025786247</subfield></datafield></record>